@article{mirhoseini2020chip,
  title={Chip placement with deep reinforcement learning},
  author={Mirhoseini, Azalia and Goldie, Anna and Yazgan, Mustafa and Jiang, Joe and Songhori, Ebrahim and Wang, Shen and Lee, Young-Joon and Johnson, Eric and Pathak, Omkar and Bae, Sungmin and others},
  journal={arXiv preprint arXiv:2004.10746},
  year={2020}
}

@article{logic_synthesis,
author = {Berndt, Augusto and Foga√ßa, Mateus and Meinhardt, Cristina},
year = {2023},
month = {01},
pages = {},
title = {Review of Machine Learning in Logic Synthesis},
volume = {17},
journal = {Journal of Integrated Circuits and Systems},
doi = {10.29292/jics.v17i3.649}
}